@inproceedings{plachouras2016quantifying,
	title={Quantifying self-reported adverse drug events on Twitter: signal and topic analysis},
	author={Plachouras, Vassilis and Leidner, Jochen L and Garrow, Andrew G},
	booktitle={Proceedings of the 7th 2016 International Conference on Social Media \& Society},
	pages={1--10},
	year={2016}
}

@inproceedings{huynh2016adverse,
	title={Adverse drug reaction classification with deep neural networks},
	author={Huynh, Trung and He, Yulan and Willis, Alistair and R{\"u}ger, Stefan},
	year={2016},
	organization={Coling}
}

@inproceedings{weissenbacher2018overview,
	title={Overview of the third social media mining for health (SMM4H) shared tasks at EMNLP 2018},
	author={Weissenbacher, Davy and Sarker, Abeed and Paul, Michael and Gonzalez, Graciela},
	booktitle={Proceedings of the 2018 EMNLP Workshop SMM4H: The 3rd Social Media Mining for Health Applications Workshop \& Shared Task},
	pages={13--16},
	year={2018}
}

@article{DENECKE20091870,
	title = "How valuable is medical social media data? Content analysis of the medical web",
	journal = "Information Sciences",
	volume = "179",
	number = "12",
	pages = "1870 - 1880",
	year = "2009",
	note = "Special Section: Web Search",
	issn = "0020-0255",
	doi = "https://doi.org/10.1016/j.ins.2009.01.025",
	url = "http://www.sciencedirect.com/science/article/pii/S0020025509000528",
	author = "Kerstin Denecke and Wolfgang Nejdl",
}

@article{pimpalkhute2014phonetic,
	title={Phonetic spelling filter for keyword selection in drug mention mining from social media},
	author={Pimpalkhute, Pranoti and Patki, Apurv and Nikfarjam, Azadeh and Gonzalez, Graciela},
	journal={AMIA Summits on Translational Science Proceedings},
	volume={2014},
	pages={90},
	year={2014},
	publisher={American Medical Informatics Association}
}

@article{limsopatham2015adapting,
	title={Adapting phrase-based machine translation to normalise medical terms in social media messages},
	author={Limsopatham, Nut and Collier, Nigel},
	journal={arXiv preprint arXiv:1508.02285},
	year={2015}
}

@techreport{koehn2003statistical,
	title={Statistical phrase-based translation},
	author={Koehn, Philipp and Och, Franz J and Marcu, Daniel},
	year={2003},
	institution={UNIVERSITY OF SOUTHERN CALIFORNIA MARINA DEL REY INFORMATION SCIENCES INST}
}

@article{sarker2016social,
	title={Social media mining for toxicovigilance: automatic monitoring of prescription medication abuse from Twitter},
	author={Sarker, Abeed and O’Connor, Karen and Ginn, Rachel and Scotch, Matthew and Smith, Karen and Malone, Dan and Gonzalez, Graciela},
	journal={Drug safety},
	volume={39},
	number={3},
	pages={231--240},
	year={2016},
	publisher={Springer}
}

@article{sarker2017corpus,
	title={A corpus for mining drug-related knowledge from Twitter chatter: Language models and their utilities},
	author={Sarker, Abeed and Gonzalez, Graciela},
	journal={Data in brief},
	volume={10},
	pages={122--131},
	year={2017},
	publisher={Elsevier}
}

@article{alvaro2015crowdsourcing,
	title={Crowdsourcing Twitter annotations to identify first-hand experiences of prescription drug use},
	author={Alvaro, Nestor and Conway, Mike and Doan, Son and Lofi, Christoph and Overington, John and Collier, Nigel},
	journal={Journal of biomedical informatics},
	volume={58},
	pages={280--287},
	year={2015},
	publisher={Elsevier}
}

@inproceedings{zhang2016ensemble,
	title={An ensemble method for binary classification of adverse drug reactions from social media},
	author={Zhang, Zhifei and Nie, JY and Zhang, Xuyao},
	booktitle={Proceedings of the Social Media Mining Shared Task Workshop at the Pacific Symposium on Biocomputing},
	pages={1},
	year={2016}
}

@article{TUTUBALINA201893,
	title = "Medical concept normalization in social media posts with recurrent neural networks",
	journal = "Journal of Biomedical Informatics",
	volume = "84",
	pages = "93 - 102",
	year = "2018",
	issn = "1532-0464",
	doi = "https://doi.org/10.1016/j.jbi.2018.06.006",
	url = "http://www.sciencedirect.com/science/article/pii/S1532046418301126",
	author = "Elena Tutubalina and Zulfat Miftahutdinov and Sergey Nikolenko and Valentin Malykh",
	keywords = "Natural language processing, Information extraction, Medical concept normalization, Recurrent neural networks, User reviews, Social media",
}

@inproceedings{lee2017adverse,
	title={Adverse drug event detection in tweets with semi-supervised convolutional neural networks},
	author={Lee, Kathy and Qadir, Ashequl and Hasan, Sadid A and Datla, Vivek and Prakash, Aaditya and Liu, Joey and Farri, Oladimeji},
	booktitle={Proceedings of the 26th International Conference on World Wide Web},
	pages={705--714},
	year={2017}
}

@inproceedings{johnson2015semi,
	title={Semi-supervised convolutional neural networks for text categorization via region embedding},
	author={Johnson, Rie and Zhang, Tong},
	booktitle={Advances in neural information processing systems},
	pages={919--927},
	year={2015}
}

@inproceedings{wu2019msa,
	title={MSA: Jointly Detecting Drug Name and Adverse Drug Reaction Mentioning Tweets with Multi-Head Self-Attention},
	author={Wu, Chuhan and Wu, Fangzhao and Yuan, Zhigang and Liu, Junxin and Huang, Yongfeng and Xie, Xing},
	booktitle={Proceedings of the Twelfth ACM International Conference on Web Search and Data Mining},
	pages={33--41},
	year={2019}
}

@article{weissenbacher2019deep,
	title={Deep neural networks ensemble for detecting medication mentions in tweets},
	author={Weissenbacher, Davy and Sarker, Abeed and Klein, Ari and O’Connor, Karen and Magge, Arjun and Gonzalez-Hernandez, Graciela},
	journal={Journal of the American Medical Informatics Association},
	volume={26},
	number={12},
	pages={1618--1626},
	year={2019},
	publisher={Oxford University Press}
}

@article{weeks2020medextractr,
	title={medExtractR: A targeted, customizable approach to medication extraction from electronic health records},
	author={Weeks, Hannah L and Beck, Cole and McNeer, Elizabeth and Williams, Michael L and Bejan, Cosmin A and Denny, Joshua C and Choi, Leena},
	journal={Journal of the American Medical Informatics Association},
	volume={27},
	number={3},
	pages={407--418},
	year={2020},
	publisher={Oxford University Press}
}

@article{ju2020ensemble,
	title={An ensemble of neural models for nested adverse drug events and medication extraction with subwords},
	author={Ju, Meizhi and Nguyen, Nhung TH and Miwa, Makoto and Ananiadou, Sophia},
	journal={Journal of the American Medical Informatics Association},
	volume={27},
	number={1},
	pages={22--30},
	year={2020},
	publisher={Oxford University Press}
}

@article{kim2020ensemble,
	title={Ensemble method--based extraction of medication and related information from clinical texts},
	author={Kim, Youngjun and Meystre, St{\'e}phane M},
	journal={Journal of the American Medical Informatics Association},
	volume={27},
	number={1},
	pages={31--38},
	year={2020},
	publisher={Oxford University Press}
}

@article{armengol2019pharmaconer,
	title={PharmacoNER Tagger: a deep learning-based tool for automatically finding chemicals and drugs in Spanish medical texts},
	author={Armengol-Estap{\'e}, Jordi and Soares, Felipe and Marimon, Montserrat and Krallinger, Martin},
	journal={Genomics \& informatics},
	volume={17},
	number={2},
	year={2019},
	publisher={Korea Genome Organization}
}

@article{alvaro2017twimed,
	title={TwiMed: Twitter and PubMed comparable corpus of drugs, diseases, symptoms, and their relations},
	author={Alvaro, Nestor and Miyao, Yusuke and Collier, Nigel},
	journal={JMIR public health and surveillance},
	volume={3},
	number={2},
	pages={e24},
	year={2017},
	publisher={JMIR Publications Inc., Toronto, Canada}
}

@inproceedings{klein2017detecting,
	title={Detecting personal medication intake in Twitter: an annotated corpus and baseline classification system},
	author={Klein, Ari and Sarker, Abeed and Rouhizadeh, Masoud and O’Connor, Karen and Gonzalez, Graciela},
	booktitle={BioNLP 2017},
	pages={136--142},
	year={2017}
}

@article{klein2019analysis,
	title={An Analysis of a Twitter Corpus for Training a Medication Intake Classifier},
	author={Klein, Ari Z and Sarker, Abeed and O’Connor, Karen and Gonzalez-Hernandez, Graciela},
	journal={AMIA Summits on Translational Science Proceedings},
	volume={2019},
	pages={102},
	year={2019},
	publisher={American Medical Informatics Association}
}

@article{o2020promoting,
	title={Promoting Reproducible Research for Characterizing Nonmedical Use of Medications Through Data Annotation: Description of a Twitter Corpus and Guidelines},
	author={O'Connor, Karen and Sarker, Abeed and Perrone, Jeanmarie and Hernandez, Graciela Gonzalez},
	journal={Journal of medical Internet research},
	volume={22},
	number={2},
	pages={e15861},
	year={2020},
	publisher={JMIR Publications Inc., Toronto, Canada}
}