@article{alvaro2017twimed,
	title={TwiMed: Twitter and PubMed comparable corpus of drugs, diseases, symptoms, and their relations},
	author={Alvaro, Nestor and Miyao, Yusuke and Collier, Nigel},
	journal={JMIR public health and surveillance},
	volume={3},
	number={2},
	pages={e24},
	year={2017},
	publisher={JMIR Publications Inc., Toronto, Canada}
}

@article{kocaman2020improving,
	title={Improving Model Accuracy for Imbalanced Image Classification Tasks by Adding a Final Batch Normalization Layer: An Empirical Study},
	author={Kocaman, Veysel and Shir, Ofer M and B{\"a}ck, Thomas},
	journal={arXiv preprint arXiv:2011.06319},
	year={2020}
}

@article{weissenbacher2019deep,
	title={Deep neural networks ensemble for detecting medication mentions in tweets},
	author={Weissenbacher, Davy and Sarker, Abeed and Klein, Ari and Oâ€™Connor, Karen and Magge, Arjun and Gonzalez-Hernandez, Graciela},
	journal={Journal of the American Medical Informatics Association},
	volume={26},
	number={12},
	pages={1618--1626},
	year={2019},
	publisher={Oxford University Press}
}